<record><leader>00000cas a22000007a 4500</leader><controlfield tag="001">10261698</controlfield><controlfield tag="008">840104d19381995cauwr ne      0   a0eng d</controlfield><datafield ind1=" " ind2=" " tag="010"><subfield code="a">sn 84007831 </subfield></datafield><datafield ind1=" " ind2=" " tag="040"><subfield code="a">NSD</subfield><subfield code="b">eng</subfield><subfield code="c">NSD</subfield><subfield code="d">CNK</subfield><subfield code="d">OCLCQ</subfield><subfield code="d">DLC</subfield><subfield code="d">OCLCF</subfield><subfield code="d">OCLCO</subfield></datafield><datafield ind1=" " ind2=" " tag="012"><subfield code="j">0</subfield><subfield code="k">1</subfield><subfield code="m">1</subfield></datafield><datafield ind1="1" ind2=" " tag="022"><subfield code="a">0746-777X</subfield><subfield code="l">0746-777X</subfield><subfield code="2">1</subfield></datafield><datafield ind1="1" ind2=" " tag="029"><subfield code="a">AU@</subfield><subfield code="b">000020419952</subfield></datafield><datafield ind1=" " ind2=" " tag="032"><subfield code="a">254040</subfield><subfield code="b">USPS</subfield></datafield><datafield ind1=" " ind2=" " tag="037"><subfield code="b">Humboldt Beacon, Inc., 928 Main Street, Fortuna, CA 95540</subfield></datafield><datafield ind1=" " ind2=" " tag="042"><subfield code="a">nsdp</subfield><subfield code="a">msc</subfield></datafield><datafield ind1=" " ind2="4" tag="222"><subfield code="a">The Humboldt beacon and Fortuna advance</subfield></datafield><datafield ind1="0" ind2="4" tag="245"><subfield code="a">The Humboldt beacon and Fortuna advance.</subfield></datafield><datafield ind1="1" ind2=" " tag="246"><subfield code="i">Vols. for &lt;2011- &gt; have title:</subfield><subfield code="a">Humboldt beacon.</subfield></datafield><datafield ind1=" " ind2=" " tag="260"><subfield code="a">Fortuna, Calif. :</subfield><subfield code="b">P.G. Jasper</subfield></datafield><datafield ind1=" " ind2=" " tag="300"><subfield code="a">v.</subfield></datafield><datafield ind1=" " ind2=" " tag="310"><subfield code="a">Weekly,</subfield><subfield code="b">Mar. 23, 1989-Nov. 30, 1995</subfield></datafield><datafield ind1=" " ind2=" " tag="321"><subfield code="a">Weekly,</subfield><subfield code="b">Dec. 9, 1938-Dec. 22, 1983</subfield></datafield><datafield ind1=" " ind2=" " tag="321"><subfield code="a">Semiweekly,</subfield><subfield code="b">Dec. 29, 1983-Mar. 17, 1989</subfield></datafield><datafield ind1="0" ind2=" " tag="362"><subfield code="a">Vol. 35, no. 41 (Dec. 9, 1938)-v. 94, no. 48 (Nov. 30, 1995).</subfield></datafield><datafield ind1=" " ind2=" " tag="500"><subfield code="a">Vols. for &lt;Mar. 23, 1989-&gt; published by: Humboldt Group.</subfield></datafield><datafield ind1=" " ind2="0" tag="651"><subfield code="a">Humboldt County (Calif.)</subfield><subfield code="v">Newspapers.</subfield></datafield><datafield ind1=" " ind2="7" tag="655"><subfield code="a">Newspapers.</subfield><subfield code="2">fast</subfield><subfield code="0">(OCoLC)fst01423814</subfield></datafield><datafield ind1=" " ind2="7" tag="651"><subfield code="a">California</subfield><subfield code="z">Humboldt County.</subfield><subfield code="2">fast</subfield><subfield code="0">(OCoLC)fst01214282</subfield></datafield><datafield ind1=" " ind2=" " tag="752"><subfield code="a">United States</subfield><subfield code="b">California</subfield><subfield code="c">Humboldt</subfield><subfield code="d">Fortuna.</subfield></datafield><datafield ind1="0" ind2="4" tag="780"><subfield code="t">Humboldt beacon</subfield><subfield code="w">(DLC)sn 92068961</subfield></datafield><datafield ind1="0" ind2="4" tag="780"><subfield code="t">Fortuna advance</subfield></datafield><datafield ind1="0" ind2="0" tag="785"><subfield code="t">Humboldt beacon (Fortuna, Calif. : 1995)</subfield><subfield code="w">(DLC)sn 98061850</subfield></datafield><datafield ind1=" " ind2=" " tag="936"><subfield code="a">Vol. 88, no. 23 (Mar. 23, 1989) LIC</subfield></datafield></record>